@misc{cublas2008,
  author       = {NVIDIA},
  title        = {{cuBLAS Library}},
  year         = {2008},
  publisher    = {NVIDIA Corporation},
  howpublished = {\url{https://developer.nvidia.com/cublas}}
}

@misc{tensorrt2017,
  author       = {NVIDIA},
  title        = {{TensorRT: Programmable Inference Accelerator}},
  year         = {2017},
  publisher    = {NVIDIA Corporation},
  howpublished = {\url{https://developer.nvidia.com/tensorrt}}
}

@misc{chetlur2014cudnn,
  title         = {cuDNN: Efficient Primitives for Deep Learning},
  author        = {Sharan Chetlur and Cliff Woolley and Philippe Vandermersch and Jonathan Cohen and John Tran and Bryan Catanzaro and Evan Shelhamer},
  year          = {2014},
  eprint        = {1410.0759},
  archiveprefix = {arXiv},
  primaryclass  = {cs.NE}
}

@misc{tensorflow2015-whitepaper,
  title  = { {TensorFlow}: Large-Scale Machine Learning on Heterogeneous Systems},
  url    = {https://www.tensorflow.org/},
  note   = {Software available from tensorflow.org},
  author = {
    Mart\'{\i}n~Abadi and
    Ashish~Agarwal and
    Paul~Barham and
    Eugene~Brevdo and
    Zhifeng~Chen and
    Craig~Citro and
    Greg~S.~Corrado and
    Andy~Davis and
    Jeffrey~Dean and
    Matthieu~Devin and
    Sanjay~Ghemawat and
    Ian~Goodfellow and
    Andrew~Harp and
    Geoffrey~Irving and
    Michael~Isard and
    Yangqing Jia and
    Rafal~Jozefowicz and
    Lukasz~Kaiser and
    Manjunath~Kudlur and
    Josh~Levenberg and
    Dandelion~Man\'{e} and
    Rajat~Monga and
    Sherry~Moore and
    Derek~Murray and
    Chris~Olah and
    Mike~Schuster and
    Jonathon~Shlens and
    Benoit~Steiner and
    Ilya~Sutskever and
    Kunal~Talwar and
    Paul~Tucker and
    Vincent~Vanhoucke and
    Vijay~Vasudevan and
    Fernanda~Vi\'{e}gas and
    Oriol~Vinyals and
    Pete~Warden and
    Martin~Wattenberg and
    Martin~Wicke and
    Yuan~Yu and
    Xiaoqiang~Zheng},
  year   = {2015}
}

@incollection{pytorch,
  title     = {PyTorch: An Imperative Style, High-Performance Deep Learning Library},
  author    = {Paszke, Adam and Gross, Sam and Massa, Francisco and Lerer, Adam and Bradbury, James and Chanan, Gregory and Killeen, Trevor and Lin, Zeming and Gimelshein, Natalia and Antiga, Luca and Desmaison, Alban and Kopf, Andreas and Yang, Edward and DeVito, Zachary and Raison, Martin and Tejani, Alykhan and Chilamkurthy, Sasank and Steiner, Benoit and Fang, Lu and Bai, Junjie and Chintala, Soumith},
  booktitle = {Advances in Neural Information Processing Systems 32},
  pages     = {8024--8035},
  year      = {2019},
  publisher = {Curran Associates, Inc.},
  url       = {http://papers.neurips.cc/paper/9015-pytorch-an-imperative-style-high-performance-deep-learning-library.pdf}
}

@misc{chen2015mxnet,
  title         = {MXNet: A Flexible and Efficient Machine Learning Library for Heterogeneous Distributed Systems},
  author        = {Tianqi Chen and Mu Li and Yutian Li and Min Lin and Naiyan Wang and Minjie Wang and Tianjun Xiao and Bing Xu and Chiyuan Zhang and Zheng Zhang},
  year          = {2015},
  eprint        = {1512.01274},
  archiveprefix = {arXiv},
  primaryclass  = {cs.DC}
}

@inproceedings{jia2014caffe,
  author    = {Jia, Yangqing and Shelhamer, Evan and Donahue, Jeff and Karayev, Sergey and Long, Jonathan and Girshick, Ross and Guadarrama, Sergio and Darrell, Trevor},
  title     = {Caffe: Convolutional Architecture for Fast Feature Embedding},
  year      = {2014},
  isbn      = {9781450330633},
  publisher = {Association for Computing Machinery},
  address   = {New York, NY, USA},
  url       = {https://doi.org/10.1145/2647868.2654889},
  doi       = {10.1145/2647868.2654889},
  booktitle = {Proceedings of the 22nd ACM International Conference on Multimedia},
  pages     = {675–678},
  numpages  = {4},
  keywords  = {neural networks, open source, computer vision, machine learning, parallel computation},
  location  = {Orlando, Florida, USA},
  series    = {MM '14}
}

@misc{openai2019solving,
  title         = {Solving Rubik's Cube with a Robot Hand},
  author        = {OpenAI and Ilge Akkaya and Marcin Andrychowicz and Maciek Chociej and Mateusz Litwin and Bob McGrew and Arthur Petron and Alex Paino and Matthias Plappert and Glenn Powell and Raphael Ribas and Jonas Schneider and Nikolas Tezak and Jerry Tworek and Peter Welinder and Lilian Weng and Qiming Yuan and Wojciech Zaremba and Lei Zhang},
  year          = {2019},
  eprint        = {1910.07113},
  archiveprefix = {arXiv},
  primaryclass  = {cs.LG}
}

@article{bellman1957,
  issn      = {00959057, 19435274},
  url       = {http://www.jstor.org/stable/24900506},
  author    = {Richard Bellman},
  journal   = {Journal of Mathematics and Mechanics},
  number    = {5},
  pages     = {679--684},
  publisher = {Indiana University Mathematics Department},
  title     = {A Markovian Decision Process},
  volume    = {6},
  year      = {1957}
}

@misc{robine2021smaller,
  title         = {Smaller World Models for Reinforcement Learning},
  author        = {Jan Robine and Tobias Uelwer and Stefan Harmeling},
  year          = {2021},
  eprint        = {2010.05767},
  archiveprefix = {arXiv},
  primaryclass  = {cs.LG}
}

@misc{kaiser2020modelbased,
  title         = {Model-Based Reinforcement Learning for Atari},
  author        = {Lukasz Kaiser and Mohammad Babaeizadeh and Piotr Milos and Blazej Osinski and Roy H Campbell and Konrad Czechowski and Dumitru Erhan and Chelsea Finn and Piotr Kozakowski and Sergey Levine and Afroz Mohiuddin and Ryan Sepassi and George Tucker and Henryk Michalewski},
  year          = {2020},
  eprint        = {1903.00374},
  archiveprefix = {arXiv},
  primaryclass  = {cs.LG}
}

@article{app10196685,
  author         = {Brown, Harrison and Fricke, Kai and Yoneki, Eiko},
  title          = {World-Models for Bitrate Streaming},
  journal        = {Applied Sciences},
  volume         = {10},
  year           = {2020},
  number         = {19},
  article-number = {6685},
  url            = {https://www.mdpi.com/2076-3417/10/19/6685},
  issn           = {2076-3417},
  doi            = {10.3390/app10196685}
}

@misc{battaglia2018relational,
  title         = {Relational inductive biases, deep learning, and graph networks},
  author        = {Peter W. Battaglia and Jessica B. Hamrick and Victor Bapst and Alvaro Sanchez-Gonzalez and Vinicius Zambaldi and Mateusz Malinowski and Andrea Tacchetti and David Raposo and Adam Santoro and Ryan Faulkner and Caglar Gulcehre and Francis Song and Andrew Ballard and Justin Gilmer and George Dahl and Ashish Vaswani and Kelsey Allen and Charles Nash and Victoria Langston and Chris Dyer and Nicolas Heess and Daan Wierstra and Pushmeet Kohli and Matt Botvinick and Oriol Vinyals and Yujia Li and Razvan Pascanu},
  year          = {2018},
  eprint        = {1806.01261},
  archiveprefix = {arXiv},
  primaryclass  = {cs.LG}
}

@misc{silver2017mastering,
  title         = {Mastering Chess and Shogi by Self-Play with a General Reinforcement Learning Algorithm},
  author        = {David Silver and Thomas Hubert and Julian Schrittwieser and Ioannis Antonoglou and Matthew Lai and Arthur Guez and Marc Lanctot and Laurent Sifre and Dharshan Kumaran and Thore Graepel and Timothy Lillicrap and Karen Simonyan and Demis Hassabis},
  year          = {2017},
  eprint        = {1712.01815},
  archiveprefix = {arXiv},
  primaryclass  = {cs.AI}
}

@misc{anthony2017thinking,
  title         = {Thinking Fast and Slow with Deep Learning and Tree Search},
  author        = {Thomas Anthony and Zheng Tian and David Barber},
  year          = {2017},
  eprint        = {1705.08439},
  archiveprefix = {arXiv},
  primaryclass  = {cs.AI}
}

@misc{feinberg2018modelbased,
  title         = {Model-Based Value Estimation for Efficient Model-Free Reinforcement Learning},
  author        = {Vladimir Feinberg and Alvin Wan and Ion Stoica and Michael I. Jordan and Joseph E. Gonzalez and Sergey Levine},
  year          = {2018},
  eprint        = {1803.00101},
  archiveprefix = {arXiv},
  primaryclass  = {cs.LG}
}

@misc{freeman2019learning,
  title         = {Learning to Predict Without Looking Ahead: World Models Without Forward Prediction},
  author        = {C. Daniel Freeman and Luke Metz and David Ha},
  year          = {2019},
  eprint        = {1910.13038},
  archiveprefix = {arXiv},
  primaryclass  = {cs.NE}
}

@inproceedings{jia2019taso,
  author    = {Jia, Zhihao and Padon, Oded and Thomas, James and Warszawski, Todd and Zaharia, Matei and Aiken, Alex},
  title     = {TASO: Optimizing Deep Learning Computation with Automatic Generation of Graph Substitutions},
  year      = {2019},
  isbn      = {9781450368735},
  publisher = {Association for Computing Machinery},
  address   = {New York, NY, USA},
  url       = {https://doi.org/10.1145/3341301.3359630},
  doi       = {10.1145/3341301.3359630},
  booktitle = {Proceedings of the 27th ACM Symposium on Operating Systems Principles},
  pages     = {47–62},
  numpages  = {16},
  keywords  = {deep neural network, computation graph substitutions, superoptimization, formal verification},
  location  = {Huntsville, Ontario, Canada},
  series    = {SOSP '19}
}

@article{jia2019optimizing,
  title   = {Optimizing dnn computation with relaxed graph substitutions},
  author  = {Jia, Zhihao and Thomas, James and Warszawski, Tod and Gao, Mingyu and Zaharia, Matei and Aiken, Alex},
  journal = {SysML 2019},
  year    = {2019}
}

@misc{bishop1994mixture,
  title     = {Mixture density networks},
  author    = {Bishop, Christopher M},
  year      = {1994},
  publisher = {Aston University}
}

@misc{ha2018worldmodels,
  title     = {{Recurrent World Models Facilitate Policy Evolution}},
  author    = {Ha, David and Schmidhuber, J{\"u}rgen},
  booktitle = {Advances in Neural Information Processing Systems 31},
  pages     = {2451--2463},
  year      = {2018},
  url       = {https://papers.nips.cc/paper/7512-recurrent-world-models-facilitate-policy-evolution},
  note      = {\url{https://worldmodels.github.io}}
}

@incollection{Hochreiter:01book,
  added-at             = {2008-02-26T12:05:08.000+0100},
  author               = {Hochreiter, S. and Bengio, Y. and Frasconi, P. and Schmidhuber, J.},
  biburl               = {https://www.bibsonomy.org/bibtex/279df6721c014a00bfac62abd7d5a9968/schaul},
  booktitle            = {A Field Guide to Dynamical Recurrent Neural Networks},
  citeulike-article-id = {2374777},
  description          = {idsia},
  editor               = {Kremer, S. C. and Kolen, J. F.},
  interhash            = {485c1bd6a99186c9414c6b9ddaed42c9},
  intrahash            = {79df6721c014a00bfac62abd7d5a9968},
  keywords             = {daanbib},
  priority             = {2},
  publisher            = {IEEE Press},
  timestamp            = {2008-02-26T12:07:01.000+0100},
  title                = {Gradient flow in recurrent nets: the difficulty of learning long-term dependencies},
  year                 = 2001
}

@misc{gers1999learning,
  title     = {Learning to forget: Continual prediction with LSTM},
  author    = {Gers, Felix A and Schmidhuber, J{\"u}rgen and Cummins, Fred},
  year      = {1999},
  publisher = {IET}
}

@article{hochreiter1997long,
  title     = {Long short-term memory},
  author    = {Hochreiter, Sepp and Schmidhuber, J{\"u}rgen},
  journal   = {Neural computation},
  volume    = {9},
  number    = {8},
  pages     = {1735--1780},
  year      = {1997},
  publisher = {MIT Press}
}

@misc{larsen2019tensorflow,
  title  = {TensorFlow Graph Optimizations},
  author = {Larsen, Rasmus Munk and Shpeisman, Tatiana},
  year   = {2019},
  url    = {http://web.stanford.edu/class/cs245/slides/TFGraphOptimizationsStanford.pdf},
  note   = {\url{http://web.stanford.edu/class/cs245/slides/TFGraphOptimizationsStanford.pdf}}
}

@misc{chen2018tvm,
  title         = {TVM: An Automated End-to-End Optimizing Compiler for Deep Learning},
  author        = {Tianqi Chen and Thierry Moreau and Ziheng Jiang and Lianmin Zheng and Eddie Yan and Meghan Cowan and Haichen Shen and Leyuan Wang and Yuwei Hu and Luis Ceze and Carlos Guestrin and Arvind Krishnamurthy},
  year          = {2018},
  eprint        = {1802.04799},
  archiveprefix = {arXiv},
  primaryclass  = {cs.LG}
}

@inproceedings{sivathanu2019astra,
  title     = {Astra: Exploiting predictability to optimize deep learning},
  author    = {Sivathanu, Muthian and Chugh, Tapan and Singapuram, Sanjay S and Zhou, Lidong},
  booktitle = {Proceedings of the Twenty-Fourth International Conference on Architectural Support for Programming Languages and Operating Systems},
  pages     = {909--923},
  year      = {2019}
}

@article{behnel2011cython,
  title     = {Cython: The best of both worlds},
  author    = {Behnel, Stefan and Bradshaw, Robert and Citro, Craig and Dalcin, Lisandro and Seljebotn, Dag Sverre and Smith, Kurt},
  journal   = {Computing in Science \& Engineering},
  volume    = {13},
  number    = {2},
  pages     = {31--39},
  year      = {2011},
  publisher = {IEEE}
}

@article{brockman2016openai,
  title   = {{OpenAI Gym}},
  author  = {Brockman, Greg and Cheung, Vicki and Pettersson, Ludwig and Schneider, Jonas and Schulman, John and Tang, Jie and Zaremba, Wojciech},
  journal = {arXiv preprint arXiv:1606.01540},
  year    = {2016}
}

@article{LanctotEtAl2019OpenSpiel,
  title         = {{OpenSpiel}: A Framework for Reinforcement Learning in Games},
  author        = {Marc Lanctot and Edward Lockhart and Jean-Baptiste Lespiau and
               Vinicius Zambaldi and Satyaki Upadhyay and Julien P\'{e}rolat and
               Sriram Srinivasan and Finbarr Timbers and Karl Tuyls and
               Shayegan Omidshafiei and Daniel Hennes and Dustin Morrill and
               Paul Muller and Timo Ewalds and Ryan Faulkner and J\'{a}nos Kram\'{a}r
               and Bart De Vylder and Brennan Saeta and James Bradbury and David Ding
               and Sebastian Borgeaud and Matthew Lai and Julian Schrittwieser and
               Thomas Anthony and Edward Hughes and Ivo Danihelka and Jonah Ryan-Davis},
  year          = {2019},
  eprint        = {1908.09453},
  archiveprefix = {arXiv},
  primaryclass  = {cs.LG},
  journal       = {CoRR},
  volume        = {abs/1908.09453},
  url           = {http://arxiv.org/abs/1908.09453}
}

@inproceedings{mirhoseini2018hierarchical,
  title     = {A hierarchical model for device placement},
  author    = {Mirhoseini, Azalia and Goldie, Anna and Pham, Hieu and Steiner, Benoit and Le, Quoc V and Dean, Jeff},
  booktitle = {International Conference on Learning Representations},
  year      = {2018}
}

@article{addanki2019placeto,
  title   = {Placeto: Learning generalizable device placement algorithms for distributed machine learning},
  author  = {Addanki, Ravichandra and Venkatakrishnan, Shaileshh Bojja and Gupta, Shreyan and Mao, Hongzi and Alizadeh, Mohammad},
  journal = {arXiv preprint arXiv:1906.08879},
  year    = {2019}
}

@article{Bellemare_2013,
  title     = {The Arcade Learning Environment: An Evaluation Platform for General Agents},
  volume    = {47},
  issn      = {1076-9757},
  url       = {http://dx.doi.org/10.1613/jair.3912},
  doi       = {10.1613/jair.3912},
  journal   = {Journal of Artificial Intelligence Research},
  publisher = {AI Access Foundation},
  author    = {Bellemare, M. G. and Naddaf, Y. and Veness, J. and Bowling, M.},
  year      = {2013},
  month     = {Jun},
  pages     = {253–279}
}














@article{watkins1992q,
  title     = {Q-learning},
  author    = {Watkins, Christopher JCH and Dayan, Peter},
  journal   = {{Machine Learning}},
  volume    = {8},
  number    = {3-4},
  pages     = {279--292},
  year      = {1992},
  publisher = {Springer}
}

@article{mnih2013playing,
  title   = {{Playing Atari with Deep Reinforcement Learning}},
  author  = {Mnih, Volodymyr and Kavukcuoglu, Koray and Silver, David and Graves, Alex and Antonoglou, Ioannis and Wierstra, Daan and Riedmiller, Martin},
  journal = {arXiv preprint arXiv:1312.5602},
  year    = {2013}
}

@article{silver2016mastering,
  title     = {{Mastering the game of Go with deep neural networks and tree search}},
  author    = {Silver, David and Huang, Aja and Maddison, Chris J and Guez, Arthur and Sifre, Laurent and Van Den Driessche, George and Schrittwieser, Julian and Antonoglou, Ioannis and Panneershelvam, Veda and Lanctot, Marc and others},
  journal   = {Nature},
  volume    = {529},
  number    = {7587},
  pages     = {484},
  year      = {2016},
  publisher = {Nature Publishing Group}
}

@inproceedings{ketyko2010qoe,
  title     = {{QoE measurement of mobile YouTube video streaming}},
  author    = {Ketyk{\'o}, Istv{\'a}n and De Moor, Katrien and De Pessemier, Toon and Verdejo, Adri{\'a}n Juan and Vanhecke, Kris and Joseph, Wout and Martens, Luc and De Marez, Lieven},
  booktitle = {{Proceedings of the 3rd Workshop on Mobile Video Delivery}},
  pages     = {27--32},
  year      = {2010}
}

@inproceedings{mnih2016asynchronous,
  title     = {{Asynchronous Methods for Deep Reinforcement Learning}},
  author    = {Mnih, Volodymyr and Badia, Adria Puigdomenech and Mirza, Mehdi and Graves, Alex and Lillicrap, Timothy and Harley, Tim and Silver, David and Kavukcuoglu, Koray},
  booktitle = {International Conference on Machine Learning},
  pages     = {1928--1937},
  year      = {2016}
}

@article{kaelbling1996reinforcement,
  title   = {{Reinforcement Learning: A Survey}},
  author  = {Kaelbling, Leslie Pack and Littman, Michael L and Moore, Andrew W},
  journal = {{Journal of Artificial Intelligence Research}},
  volume  = {4},
  pages   = {237--285},
  year    = {1996}
}

@article{doshi2017towards,
  title   = {{Towards A Rigorous Science of Interpretable Machine Learning}},
  author  = {Doshi-Velez, Finale and Kim, Been},
  journal = {arXiv preprint arXiv:1702.08608},
  year    = {2017}
}

@inproceedings{hessel2018rainbow,
  title     = {{Rainbow: Combining Improvements in Deep Reinforcement Learning}},
  author    = {Hessel, Matteo and Modayil, Joseph and Van Hasselt, Hado and Schaul, Tom and Ostrovski, Georg and Dabney, Will and Horgan, Dan and Piot, Bilal and Azar, Mohammad and Silver, David},
  booktitle = {Thirty-Second AAAI Conference on Artificial Intelligence},
  year      = {2018}
}

@inproceedings{mao2019park,
  title     = {{Park: An Open Platform for Learning-Augmented Computer Systems}},
  author    = {Mao, Hongzi and Negi, Parimarjan and Narayan, Akshay and Wang, Hanrui and Yang, Jiacheng and Wang, Haonan and Marcus, Ryan and Shirkoohi, Mehrdad Khani and He, Songtao and Nathan, Vikram and others},
  booktitle = {{Advances in Neural Information Processing Systems}},
  pages     = {2490--2502},
  year      = {2019}
}

@article{dulac2019challenges,
  title   = {{Challenges of Real-World Reinforcement Learning}},
  author  = {Dulac-Arnold, Gabriel and Mankowitz, Daniel and Hester, Todd},
  journal = {arXiv preprint arXiv:1904.12901},
  year    = {2019}
}

@inproceedings{mao2017neural,
  title     = {{Neural Adaptive Video Streaming with Pensieve}},
  author    = {Mao, Hongzi and Netravali, Ravi and Alizadeh, Mohammad},
  booktitle = {Proceedings of the Conference of the ACM Special Interest Group on Data Communication},
  pages     = {197--210},
  year      = {2017}
}

@article{haj2019deep,
  title   = {{Deep Reinforcement Learning in System Optimization}},
  author  = {Haj-Ali, Ameer and Ahmed, Nesreen K and Willke, Ted and Gonzalez, Joseph and Asanovic, Krste and Stoica, Ion},
  journal = {arXiv preprint arXiv:1908.01275},
  year    = {2019}
}

@article{espeholt2018impala,
  title   = {{IMPALA: Scalable Distributed Deep-RL with Importance Weighted Actor-Learner Architecture}},
  author  = {Espeholt, Lasse and Soyer, Hubert and Munos, Remi and Simonyan, Karen and Mnih, Volodymir and Ward, Tom and Doron, Yotam and Firoiu, Vlad and Harley, Tim and Dunning, Iain and others},
  journal = {arXiv preprint arXiv:1802.01561},
  year    = {2018}
}

@article{horgan2018distributed,
  title   = {{Distributed Prioritized Experience Replay}},
  author  = {Horgan, Dan and Quan, John and Budden, David and Barth-Maron, Gabriel and Hessel, Matteo and Van Hasselt, Hado and Silver, David},
  journal = {arXiv preprint arXiv:1803.00933},
  year    = {2018}
}

@inproceedings{henderson2018deep,
  title     = {{Deep Reinforcement Learning that Matters}},
  author    = {Henderson, Peter and Islam, Riashat and Bachman, Philip and Pineau, Joelle and Precup, Doina and Meger, David},
  booktitle = {Thirty-Second AAAI Conference on Artificial Intelligence},
  year      = {2018}
}

@inproceedings{mirhoseini2017device,
  title        = {{Device Placement Optimization with Reinforcement Learning}},
  author       = {Mirhoseini, Azalia and Pham, Hieu and Le, Quoc V and Steiner, Benoit and Larsen, Rasmus and Zhou, Yuefeng and Kumar, Naveen and Norouzi, Mohammad and Bengio, Samy and Dean, Jeff},
  booktitle    = {Proceedings of the 34th International Conference on Machine Learning-Volume 70},
  pages        = {2430--2439},
  year         = {2017},
  organization = {JMLR. org}
}

@article{schmidhuber2015deep,
  title     = {{Deep Learning in Neural Networks: An Overview}},
  author    = {Schmidhuber, J{\"u}rgen},
  journal   = {{Neural Networks}},
  volume    = {61},
  pages     = {85--117},
  year      = {2015},
  publisher = {Elsevier}
}

@article{kaiser2019model,
  title   = {{Model-Based Reinforcement Learning for Atari}},
  author  = {Kaiser, Lukasz and Babaeizadeh, Mohammad and Milos, Piotr and Osinski, Blazej and Campbell, Roy H and Czechowski, Konrad and Erhan, Dumitru and Finn, Chelsea and Kozakowski, Piotr and Levine, Sergey and others},
  journal = {arXiv preprint arXiv:1903.00374},
  year    = {2019}
}

@article{schulman2017proximal,
  title   = {{Proximal Policy Optimization Algorithms}},
  author  = {Schulman, John and Wolski, Filip and Dhariwal, Prafulla and Radford, Alec and Klimov, Oleg},
  journal = {arXiv preprint arXiv:1707.06347},
  year    = {2017}
}



@article{hafner2018learning,
  title   = {{Learning Latent Dynamics for Planning from Pixels}},
  author  = {Hafner, Danijar and Lillicrap, Timothy and Fischer, Ian and Villegas, Ruben and Ha, David and Lee, Honglak and Davidson, James},
  journal = {arXiv preprint arXiv:1811.04551},
  year    = {2018}
}

@article{becker2020learning,
  title   = {{Learning to Fly via Deep Model-Based Reinforcement Learning}},
  author  = {Becker-Ehmck, Philip and Karl, Maximilian and Peters, Jan and van der Smagt, Patrick},
  journal = {arXiv preprint arXiv:2003.08876},
  year    = {2020}
}

@inproceedings{chua2018deep,
  title     = {{Deep Reinforcement Learning in a Handful of Trials using Probabilistic Dynamics Models}},
  author    = {Chua, Kurtland and Calandra, Roberto and McAllister, Rowan and Levine, Sergey},
  booktitle = {Advances in Neural Information Processing Systems},
  pages     = {4754--4765},
  year      = {2018}
}

@inproceedings{todorov2012mujoco,
  title        = {{MuJoCo: A physics engine for model-based control}},
  author       = {Todorov, Emanuel and Erez, Tom and Tassa, Yuval},
  booktitle    = {2012 IEEE/RSJ International Conference on Intelligent Robots and Systems},
  pages        = {5026--5033},
  year         = {2012},
  organization = {IEEE}
}

@article{piergiovanni2018learning,
  title   = {{Learning Real-World Robot Policies by Dreaming}},
  author  = {Piergiovanni, AJ and Wu, Alan and Ryoo, Michael S},
  journal = {arXiv preprint arXiv:1805.07813},
  year    = {2018}
}

@article{hochreitergradient,
  title  = {{Gradient Flow in Recurrent Nets: the Difficulty of Learning Long-Term Dependencies}},
  author = {Hochreiter, Sepp and Bengio, Yoshua and Frasconi, Paolo and Schmidhuber, J{\"u}rgen and Elvezia, Corso}
}

@article{graves2013generating,
  title   = {{Generating Sequences With Recurrent Neural Networks}},
  author  = {Graves, Alex},
  journal = {arXiv preprint arXiv:1308.0850},
  year    = {2013}
}

@article{buesing2018learning,
  title   = {{Learning and Querying Fast Generative Models for Reinforcement Learning}},
  author  = {Buesing, Lars and Weber, Theophane and Racaniere, S{\'e}bastien and Eslami, SM and Rezende, Danilo and Reichert, David P and Viola, Fabio and Besse, Frederic and Gregor, Karol and Hassabis, Demis and others},
  journal = {arXiv preprint arXiv:1802.03006},
  year    = {2018}
}

@misc{dash2016,
  author       = {Akamai},
  title        = {dash.js},
  year         = {2016},
  publisher    = {GitHub},
  journal      = {GitHub repository},
  howpublished = {\url{https://github.com/Dash-Industry-Forum/dash.js/}}
}

@inproceedings{huang2012confused,
  title     = {{Confused, Timid, and Unstable:
Picking a Video Streaming Rate is Hard}},
  author    = {Huang, Te-Yuan and Handigol, Nikhil and Heller, Brandon and McKeown, Nick and Johari, Ramesh},
  booktitle = {Proceedings of the 2012 Internet Measurement Conference},
  pages     = {225--238},
  year      = {2012}
}
%%%%%%%%%%%%%%%

@incollection{bemporad1999robust,
  title     = {{Robust Model Predictive Control: A Survey}},
  author    = {Bemporad, Alberto and Morari, Manfred},
  booktitle = {Robustness in Identification and Control},
  pages     = {207--226},
  year      = {1999},
  publisher = {Springer}
}

@inproceedings{riiser2013commute,
  title     = {{Commute Path Bandwidth Traces from 3G Networks: Analysis and Applications}},
  author    = {Riiser, Haakon and Vigmostad, Paul and Griwodz, Carsten and Halvorsen, P{\aa}l},
  booktitle = {Proceedings of the 4th ACM Multimedia Systems Conference},
  pages     = {114--118},
  year      = {2013}
}

@article{bellemare2013arcade,
  title   = {{The Arcade Learning Environment: An Evaluation Platform for General Agents}},
  author  = {Bellemare, Marc G and Naddaf, Yavar and Veness, Joel and Bowling, Michael},
  journal = {{Journal of Artificial Intelligence Research}},
  volume  = {47},
  pages   = {253--279},
  year    = {2013}
}

@inproceedings{duan2016benchmarking,
  title     = {{Benchmarking Deep Reinforcement Learning for Continuous Control}},
  author    = {Duan, Yan and Chen, Xi and Houthooft, Rein and Schulman, John and Abbeel, Pieter},
  booktitle = {International Conference on Machine Learning},
  pages     = {1329--1338},
  year      = {2016}
}

@incollection{mao2019learning,
  title     = {{Learning Scheduling Algorithms for Data Processing Clusters}},
  author    = {Mao, Hongzi and Schwarzkopf, Malte and Venkatakrishnan, Shaileshh Bojja and Meng, Zili and Alizadeh, Mohammad},
  booktitle = {Proceedings of the ACM Special Interest Group on Data Communication},
  pages     = {270--288},
  year      = {2019}
}

@article{harchol2010balance,
  title   = {To Balance or Unbalance Load in Size-interval Task Allocation},
  author  = {Harchol-Balter, Mor and Vesilo, Rein},
  journal = {Probability in the Engineering and Informational Sciences},
  volume  = {24},
  number  = {2},
  pages   = {219--244},
  year    = {2010}
}

@article{mao2018variance,
  title   = {{Variance Reduction for Reinforcement Learning in Input-Driven Environments}},
  author  = {Mao, Hongzi and Venkatakrishnan, Shaileshh Bojja and Schwarzkopf, Malte and Alizadeh, Mohammad},
  journal = {arXiv preprint arXiv:1807.02264},
  year    = {2018}
}

@article{ha2017neural,
  title   = {{A Neural Representation of Sketch Drawings}},
  author  = {Ha, David and Eck, Douglas},
  journal = {arXiv preprint arXiv:1704.03477},
  year    = {2017}
}

@misc{stable-baselines,
  author       = {Hill, Ashley and Raffin, Antonin and Ernestus, Maximilian and Gleave, Adam and Kanervisto, Anssi and Traore, Rene and Dhariwal, Prafulla and Hesse, Christopher and Klimov, Oleg and Nichol, Alex and Plappert, Matthias and Radford, Alec and Schulman, John and Sidor, Szymon and Wu, Yuhuai},
  title        = {{Stable Baselines}},
  year         = {2018},
  publisher    = {GitHub},
  journal      = {GitHub repository},
  howpublished = {\url{https://github.com/hill-a/stable-baselines}}
}

@inproceedings{nagabandi2018neural,
  title        = {{Neural Network Dynamics for Model-Based Deep Reinforcement Learning with Model-Free Fine-Tuning}},
  author       = {Nagabandi, Anusha and Kahn, Gregory and Fearing, Ronald S and Levine, Sergey},
  booktitle    = {2018 IEEE International Conference on Robotics and Automation (ICRA)},
  pages        = {7559--7566},
  year         = {2018},
  organization = {IEEE}
}

@article{wang2019benchmarking,
  title   = {{Benchmarking Model-Based Reinforcement Learning}},
  author  = {Wang, Tingwu and Bao, Xuchan and Clavera, Ignasi and Hoang, Jerrick and Wen, Yeming and Langlois, Eric and Zhang, Shunshi and Zhang, Guodong and Abbeel, Pieter and Ba, Jimmy},
  journal = {arXiv preprint arXiv:1907.02057},
  year    = {2019}
}

@inproceedings{yin2015control,
  title     = {{A Control-Theoretic Approach for Dynamic Adaptive Video Streaming over HTTP}},
  author    = {Yin, Xiaoqi and Jindal, Abhishek and Sekar, Vyas and Sinopoli, Bruno},
  booktitle = {Proceedings of the 2015 ACM Conference on Special Interest Group on Data Communication},
  pages     = {325--338},
  year      = {2015}
}

@article{pan1992complexity,
  title     = {{Complexity of Computations with Matrices and Polynomials}},
  author    = {Pan, Victor},
  journal   = {SIAM review},
  volume    = {34},
  number    = {2},
  pages     = {225--262},
  year      = {1992},
  publisher = {SIAM}
}

@inproceedings{optuna_2019,
  title     = {{Optuna: A Next-generation Hyperparameter Optimization Framework}},
  author    = {Akiba, Takuya and Sano, Shotaro and Yanase, Toshihiko and Ohta, Takeru and Koyama, Masanori},
  booktitle = {Proceedings of the 25rd {ACM} {SIGKDD} International Conference on Knowledge Discovery and Data Mining},
  year      = {2019}
}

@inproceedings{bergstra2011algorithms,
  title     = {{Algorithms for Hyper-Parameter Optimization}},
  author    = {Bergstra, James S and Bardenet, R{\'e}mi and Bengio, Yoshua and K{\'e}gl, Bal{\'a}zs},
  booktitle = {{Advances in Neural Information Processing Systems}},
  pages     = {2546--2554},
  year      = {2011}
}

@book{Goodfellow-et-al-2016,
  title     = {{Deep Learning}},
  author    = {Ian Goodfellow and Yoshua Bengio and Aaron Courville},
  publisher = {MIT Press},
  note      = {\url{http://www.deeplearningbook.org}},
  year      = {2016}
}

@article{reed2015neural,
  title   = {{Neural Programmer-Interpreters}},
  author  = {Reed, Scott and De Freitas, Nando},
  journal = {arXiv preprint arXiv:1511.06279},
  year    = {2015}
}

@article{arulkumaran2017brief,
  title   = {{A Brief Survey of Deep Reinforcement Learning}},
  author  = {Arulkumaran, Kai and Deisenroth, Marc Peter and Brundage, Miles and Bharath, Anil Anthony},
  journal = {arXiv preprint arXiv:1708.05866},
  year    = {2017}
}

@article{gemici2017generative,
  title   = {{Generative Temporal Models with Memory}},
  author  = {Gemici, Mevlana and Hung, Chia-Chun and Santoro, Adam and Wayne, Greg and Mohamed, Shakir and Rezende, Danilo J and Amos, David and Lillicrap, Timothy},
  journal = {arXiv preprint arXiv:1702.04649},
  year    = {2017}
}

@article{graves2014neural,
  title   = {{Neural Turing Machines}},
  author  = {Graves, Alex and Wayne, Greg and Danihelka, Ivo},
  journal = {arXiv preprint arXiv:1410.5401},
  year    = {2014}
}

@inproceedings{defferrard2016convolutional,
  title     = {{Convolutional Neural Networks on Graphs with Fast Localized Spectral Filtering}},
  author    = {Defferrard, Micha{\"e}l and Bresson, Xavier and Vandergheynst, Pierre},
  booktitle = {{Advances in Neural Information Processing Systems}},
  pages     = {3844--3852},
  year      = {2016}
}

@article{graves2016adaptive,
  title   = {{Adaptive Computation Time for Recurrent Neural Networks}},
  author  = {Graves, Alex},
  journal = {arXiv preprint arXiv:1603.08983},
  year    = {2016}
}

@inproceedings{grefenstette2015learning,
  title     = {{Learning to Transduce with Unbounded Memory}},
  author    = {Grefenstette, Edward and Hermann, Karl Moritz and Suleyman, Mustafa and Blunsom, Phil},
  booktitle = {{Advances in Neural Information Processing Systems}},
  pages     = {1828--1836},
  year      = {2015}
}

@inproceedings{nair2010rectified,
  title     = {{Rectified Linear Units Improve Restricted Boltzmann Machines}},
  author    = {Nair, Vinod and Hinton, Geoffrey E},
  booktitle = {Proceedings of the 27th International Conference on Machine Learning (ICML-10)},
  pages     = {807--814},
  year      = {2010}
}

@inproceedings{chebotar2017combining,
  title        = {{Combining Model-Based and Model-Free Updates for Trajectory-Centric Reinforcement Learning}},
  author       = {Chebotar, Yevgen and Hausman, Karol and Zhang, Marvin and Sukhatme, Gaurav and Schaal, Stefan and Levine, Sergey},
  booktitle    = {Proceedings of the 34th International Conference on Machine Learning-Volume 70},
  pages        = {703--711},
  year         = {2017},
  organization = {JMLR. org}
}

@article{schmidhuber2015learning,
  title   = {{On Learning to Think: Algorithmic Information Theory for Novel Combinations of Reinforcement Learning Controllers and Recurrent Neural World Models}},
  author  = {Schmidhuber, J{\"u}rgen},
  journal = {arXiv preprint arXiv:1511.09249},
  year    = {2015}
}

@article{wanglearning,
  title  = {{Learning Caching Policies with Subsampling}},
  author = {Wang, Haonan and He, Hao and Alizadeh, Mohammad and Mao, Hongzi}
}

@inproceedings{konda2000actor,
  title     = {Actor-Critic Algorithms},
  author    = {Konda, Vijay R and Tsitsiklis, John N},
  booktitle = {Advances in neural information processing systems},
  pages     = {1008--1014},
  year      = {2000}
}

@inproceedings{zhu2017target,
  title        = {{Target-driven Visual Navigation in Indoor Scenes using Deep Reinforcement Learning}},
  author       = {Zhu, Yuke and Mottaghi, Roozbeh and Kolve, Eric and Lim, Joseph J and Gupta, Abhinav and Fei-Fei, Li and Farhadi, Ali},
  booktitle    = {{2017 IEEE International Conference on Robotics and Automation (ICRA)}},
  pages        = {3357--3364},
  year         = {2017},
  organization = {IEEE}
}

@article{vinyals2017starcraft,
  title   = {{StarCraft II: A New Challenge for Reinforcement Learning}},
  author  = {Vinyals, Oriol and Ewalds, Timo and Bartunov, Sergey and Georgiev, Petko and Vezhnevets, Alexander Sasha and Yeo, Michelle and Makhzani, Alireza and K{\"u}ttler, Heinrich and Agapiou, John and Schrittwieser, Julian and others},
  journal = {arXiv preprint arXiv:1708.04782},
  year    = {2017}
}

@article{sadeghi2017optimal,
  title     = {{Optimal and Scalable Caching for 5G Using Reinforcement Learning of Space-Time Popularities}},
  author    = {Sadeghi, Alireza and Sheikholeslami, Fatemeh and Giannakis, Georgios B},
  journal   = {IEEE Journal of Selected Topics in Signal Processing},
  volume    = {12},
  number    = {1},
  pages     = {180--190},
  year      = {2017},
  publisher = {IEEE}
}

@inproceedings{berger2018towards,
  title     = {{Towards Lightweight and Robust Machine Learning for CDN Caching}},
  author    = {Berger, Daniel S},
  booktitle = {HotNets},
  pages     = {134--140},
  year      = {2018}
}

@article{ruffy2018iroko,
  title   = {{Iroko: A Framework to Prototype Reinforcement Learning for Data Center Traffic Control}},
  author  = {Ruffy, Fabian and Przystupa, Michael and Beschastnikh, Ivan},
  journal = {arXiv preprint arXiv:1812.09975},
  year    = {2018}
}

@article{jay2018internet,
  title   = {{Internet Congestion Control via Deep Reinforcement Learning}},
  author  = {Jay, Nathan and Rotman, Noga H and Godfrey, P and Schapira, Michael and Tamar, Aviv},
  journal = {arXiv preprint arXiv:1810.03259},
  year    = {2018}
}

@article{ortiz2018learning,
  title   = {{Learning State Representations for Query Optimization with Deep Reinforcement Learning}},
  author  = {Ortiz, Jennifer and Balazinska, Magdalena and Gehrke, Johannes and Keerthi, S Sathiya},
  journal = {arXiv preprint arXiv:1803.08604},
  year    = {2018}
}

@inproceedings{marcus2018deep,
  title        = {{Deep Reinforcement Learning for Join Order Enumeration}},
  author       = {Marcus, Ryan and Papaemmanouil, Olga},
  booktitle    = {Proceedings of the First International Workshop on Exploiting Artificial Intelligence Techniques for Data Management},
  pages        = {3},
  year         = {2018},
  organization = {ACM}
}

@article{krishnan2018learning,
  title   = {{Learning to Optimize Join Queries With Deep Reinforcement Learning}},
  author  = {Krishnan, Sanjay and Yang, Zongheng and Goldberg, Ken and Hellerstein, Joseph and Stoica, Ion},
  journal = {arXiv preprint arXiv:1808.03196},
  year    = {2018}
}

@article{marcus2019neo,
  title   = {{Neo: A Learned Query Optimizer}},
  author  = {Marcus, Ryan and Negi, Parimarjan and Mao, Hongzi and Zhang, Chi and Alizadeh, Mohammad and Kraska, Tim and Papaemmanouil, Olga and Tatbul, Nesime},
  journal = {arXiv preprint arXiv:1904.03711},
  year    = {2019}
}

@inproceedings{mao2016resource,
  title        = {{Resource Management with Deep Reinforcement Learning}},
  author       = {Mao, Hongzi and Alizadeh, Mohammad and Menache, Ishai and Kandula, Srikanth},
  booktitle    = {Proceedings of the 15th ACM Workshop on Hot Topics in Networks},
  pages        = {50--56},
  year         = {2016},
  organization = {ACM}
}

@inproceedings{huang2014buffer,
  title     = {{A Buffer-Based Approach to Rate Adaptation:
Evidence from a Large Video Streaming Service}},
  author    = {Huang, Te-Yuan and Johari, Ramesh and McKeown, Nick and Trunnell, Matthew and Watson, Mark},
  booktitle = {Proceedings of the 2014 ACM conference on SIGCOMM},
  pages     = {187--198},
  year      = {2014}
}

@inproceedings{spiteri2016bola,
  title        = {{BOLA: Near-Optimal Bitrate Adaptation for Online Videos}},
  author       = {Spiteri, Kevin and Urgaonkar, Rahul and Sitaraman, Ramesh K},
  booktitle    = {IEEE INFOCOM 2016-The 35th Annual IEEE International Conference on Computer Communications},
  pages        = {1--9},
  year         = {2016},
  organization = {IEEE}
}

@article{lipton2015critical,
  title   = {{A Critical Review of Recurrent Neural Networks for Sequence Learning}},
  author  = {Lipton, Zachary C and Berkowitz, John and Elkan, Charles},
  journal = {arXiv preprint arXiv:1506.00019},
  year    = {2015}
}

@article{gauci2018horizon,
  title   = {{Horizon: Facebook's Open Source Applied Reinforcement Learning Platform}},
  author  = {Gauci, Jason and Conti, Edoardo and Liang, Yitao and Virochsiri, Kittipat and He, Yuchen and Kaden, Zachary and Narayanan, Vivek and Ye, Xiaohui and Chen, Zhengxing and Fujimoto, Scott},
  journal = {arXiv preprint arXiv:1811.00260},
  year    = {2018}
}

@article{kingma2014adam,
  title   = {{Adam: A Method for Stochastic Optimization}},
  author  = {Kingma, Diederik P and Ba, Jimmy},
  journal = {arXiv preprint arXiv:1412.6980},
  year    = {2014}
}

@mastersthesis{michael2015latency,
  author = {Schaarschmidt, Michael},
  title  = {{Towards Latency: An Online Learning Mechanism for Caching Dynamic Query Content}},
  school = {University of Cambridge},
  year   = 2015,
  note   = {Unpublished dissertation submitted for MPhil in ACS}
}

@mastersthesis{sami2019,
  author = {Alabed, Sami},
  title  = {{RLCache: Automated Cache Management Using Reinforcement Learning}},
  school = {University of Cambridge},
  year   = 2019,
  note   = {Unpublished dissertation submitted for MPhil in ACS}
}

@mastersthesis{jeremy2019,
  author = {Welborn, Jeremy},
  title  = {{Learning Compound Index Selection in PostgreSQL with Deep Reinforcement
Learning}},
  school = {University of Cambridge},
  year   = 2019,
  note   = {Unpublished dissertation submitted for MPhil in ACS}
}


@article{leibfried2016deep,
  title   = {{A Deep Learning Approach for Joint Video Frame and Reward Prediction in Atari Games}},
  author  = {Leibfried, Felix and Kushman, Nate and Hofmann, Katja},
  journal = {arXiv preprint arXiv:1611.07078},
  year    = {2016}
}

@article{chiappa2017recurrent,
  title   = {{Recurrent Environment Simulators}},
  author  = {Chiappa, Silvia and Racaniere, S{\'e}bastien and Wierstra, Daan and Mohamed, Shakir},
  journal = {arXiv preprint arXiv:1704.02254},
  year    = {2017}
}

@article{marquez2017imposing,
  title   = {{Imposing Hard Constraints on Deep Networks: Promises and Limitations}},
  author  = {M{\'a}rquez-Neila, Pablo and Salzmann, Mathieu and Fua, Pascal},
  journal = {arXiv preprint arXiv:1706.02025},
  year    = {2017}
}